@Misc{wiki_en,
	author = {Wikipedia},
	title = {Egyptian hieroglyphs},
	howpublished = {[online]},
	year = {rev. 02.22.2022 21:08 (GMT)},
	note = {[vid. 2022-04-09]},
	url = {https://cs.wikipedia.org/wiki/Egyptsk\%C3\%A9_hieroglyfy},
}
@Misc{worldhistory,
	author = {Priscila Scoville},
	title = {Egyptian hieroglyphs},
	howpublished = {[online]},
	year = {rev. 02.07.2015},
	note = {[vid. 2022-04-09]},
	url = {https://www.worldhistory.org/Egyptian_Hieroglyphs/},
}
@Misc{egypt_today,
	title = {How did Champollion decipher the hieroglyphs on the Rosetta Stone?},
	howpublished = {[online]},
	year = {rev. Sun, 09.27.2020 03:54 (GMT)},
	note = {[vid. 2022-04-09]},
	url = {https://www.egypttoday.com/Article/4/92430/How-did-Champollion-decipher-the-hieroglyphs-on-the-Rosetta-Stone#:~:text=CAIRO\%20\%E2\%80\%93\%2027\%20September\%202020\%3A\%20On,after\%20studying\%20the\%20Rosetta\%20Stone.},
}
@InBook{tabula,
	title = {Tabula Aegyptiaca hieroglyphics exornata},
	chapter = {Acta Eruditorum},
	address = {Leipzig},
	year = {1714},
	pages = {127},
}
@InBook{middle_egyptian,
    author = {Allen, James P},
	title = {Middle Egyptian: An Introduction to the Language and Culture of Hieroglyphs},
	publisher = {Cambridge University Press},
	year = {2010},
	pages = {8},
	ISBN = {9781139486354}
}
@Article{between_pride_and_prejudice,
	author = {Simon Thuault},
	title = {Egyptian Hieroglyphs in Classical Works, between Pride and Prejudice},
	journal = {Aegyptiaca. Journal of the History of Reception of Ancient Egypt},
	volume = {3},
	pages = {198},
	year = {2018},
}
@Article{slab_serif_england,
	author = {Gray, Nicolete},
	title = {Slab-serif type design in England 1815-1845},
	journal = {Journal of the Printing Historical Society},
	number = {15},
	pages = {1\,--\,35},
}
@Article{aanya_kumar,
	author = {Kumar Aanya},
	title = {Introduction to Graphic Communications},
	journal = {The Slab Serif and the Industrial Revolution},
	year = {11.23.2020},
}
@MastersThesis{keith_tam,
	author = {Tam, Keith},
	title = {The revival of slab-serif typefaces in the 20th century},
	school = {University of reading},
	year = {2016},
	type = {Diplomová práce},
}
@MastersThesis{iveta_dvokov,
	author = {Iveta Dvořáková},
	title = {Kouzlo psaného slova},
	school = {Jihočeská univerzita v Českých Budějovicích},
	year = {2012},
	type = {Diplomová práce},
}